@book{Dur,
  author    = "Rick Durrett",
  title     = "Random Graph Dynamics",
  publisher = "Cambridge University Press",
  year      = "2007",
  isbn      = "978-0-521-86656-9",
  url       = "http://www.cambridge.org/9780521866569"
}
@article{ken66,
  title="Branching processes since 1873",
  author="Kendall, David G",
  journal="Journal of the London Mathematical Society",
  volume="1",
  number="1",
  pages="385--406",
  year="1966",
  publisher="Oxford University Press"
}

@unpublished{ Lal,
   author = "Steve Lalley ",
    title  = "Branching Process",
    note ="Class Notes at \url{http://galton.uchicago.edu/~lalley/Courses/312/Branching.pdf}"
}
@article{maria2012,
  title="Crime, Punishment, and Evolution in an Adversarial Game",
  author="McBride, Michael and Kendall, Ryan and Short, Martin B. and DÕOrsogna, Maria R.",
  journal="UCI Department of Economics Working Paper",
  pages="12--13",
  year="2012"
}

@article{powerlawempi,
  title={Power-law distributions in empirical data},
  author={Clauset, Aaron and Shalizi, Cosma Rohilla and Newman, Mark EJ},
  journal={SIAM review},
  volume={51},
  number={4},
  pages={661--703},
  year={2009},
  publisher={SIAM}
}

@article{maria2010,
  title = {Cooperation and punishment in an adversarial game: how defectors pave the way to a peaceful society},
  author = {Short, M. B. and Brantingham, P. J. and D'Orsogna, M. R.},
  journal = {Phys. Rev. E},
  volume = {82},
  issue = {6},
  pages = {066114},
  numpages = {7},
  year = {2010},
  month = {Dec},
  publisher = {American Physical Society},
  doi = {10.1103/PhysRevE.82.066114},
  url = {http://link.aps.org/doi/10.1103/PhysRevE.82.066114}
}

@article{galton,
  author  = "Francis Galton and Henry Watson",
  title   = "On the Probability of Extinction of Families",
  journal = "J. Anthropol. Inst.",
  year    = "1874",
  volume  = "4 ",
  pages   = "138-144"
}

@article{luc,
  title={Component Behavior Near the Critical Point of the Random Graph Process},
  author={Luczak, Tomasz},
  journal={Random Structures \& Algorithms},
  volume={1},
  number={3},
  pages={287--310},
  year={1990},
  publisher={Wiley Online Library}
}

@article{boll1,
  title={The Evolution of Random Graphs},
  author={Bollob{\'a}s, B{\'e}la},
  journal={Transactions of the American Mathematical Society},
  volume={286},
  number={1},
  pages={257--274},
  year={1984}
}

@inproceedings{ald1,
  title={Tree-valued Markov Chains Derived from Galton-Watson Processes},
  author={Aldous, David and Pitman, Jim},
  booktitle={Annales de l'Institut Henri Poincare (B) Probability and Statistics},
  volume={34},
  pages={637--686},
  year={1998},
  organization={Elsevier}
}

@article{bollscalefree,
  title={The degree sequence of a scale-free random graph process},
  author={Bollob{\'a}s, B{\'e}la and Riordan, Oliver and Spencer, Joel and Tusn{\'a}dy, G{\'a}bor and others},
  journal={Random Structures \& Algorithms},
  volume={18},
  number={3},
  pages={279--290},
  year={2001},
  publisher={Wiley Online Library}
}

@article{boll2,
  title={Bootstrap Percolation on Galton-Watson Trees},
  author={Bollob{\'a}s, B{\'e}la and Gunderson, Karen and Holmgren, Cecilia and Janson, Svante and Przykucki, Micha{\l}},
  journal={Electronic Journal of Probability},
  volume={19},
  pages={1--27},
  year={2014}
}

@article{dion,
  title={Estimation of the Mean and the Initial Probabilities of a Branching Process},
  author={Dion, Jean-Pierre},
  journal={Journal of Applied Probability},
  pages={687--694},
  year={1974},
  publisher={JSTOR}
}

@article{hull,
  title={A Reconsideration of Galton's Problem (using a two-sex population)},
  author={Hull, David M},
  journal={Theoretical Population Biology},
  volume={54},
  number={2},
  pages={105--116},
  year={1998},
  publisher={Elsevier}
}

@article{ald2,
  title={Tree-valued Markov chains and Poisson-Galton-Watson Distributions},
  author={Aldous, David},
  journal={Microsurveys in Discrete Probability},
  volume={41},
  pages={1--20},
  year={1998},
  publisher={Citeseer}
}
@article{bruss,
  title={A note on extinction criteria for bisexual Galton-Watson processes},
  author={Bruss, F Thomas},
  journal={Journal of applied probability},
  pages={915--919},
  year={1984},
  publisher={JSTOR}
}

@article{mccallaEGT,
  title={The effects of sacred value networks within an evolutionary, adversarial game},
  author={McCalla, Scott G. and Short, Martin B. and Brantingham, P. Jeffrey},
  journal={Journal of Statistical Physics},
  volume={151},
  number={3-4},
  pages={673--688},
  year={2013},
  publisher={Springer}
}
@article{sz,
  title={On a Nonuniform Random Recursive Tree},
  author={Szyma{\'n}ski, Jerzy},
  journal={North-Holland Mathematics Studies},
  volume={144},
  pages={297--306},
  year={1987},
  publisher={Elsevier}
}

@article{hauert1,
  title={Via freedom to coercion: the emergence of costly punishment},
  author={Hauert, Christoph and Traulsen, Arne and Brandt, Hannelore and Nowak, Martin A. and Sigmund, Karl},
  journal={Science},
  volume={316},
  number={5833},
  pages={1905--1907},
  year={2007},
  publisher={American Association for the Advancement of Science}
}

@article{Hauert2,
  title={A simple rule for the evolution of cooperation on graphs and social networks},
  author={Ohtsuki, Hisashi and Hauert, Christoph and Lieberman, Erez and Nowak, Martin A.},
  journal={Nature},
  volume={441},
  number={7092},
  pages={502--505},
  year={2006},
  publisher={Nature Publishing Group}
}

@article{hauert3,
  title={Game theory and physics},
  author={Hauert, Christoph and Szab{\'o}, Gy{\"o}rgy},
  journal={American Journal of Physics},
  volume={73},
  number={5},
  pages={405--414},
  year={2005},
  publisher={American Association of Physics Teachers}
}

@article{BA1,
  title={Emergence of scaling in random networks},
  author={Barab{\'a}si, Albert-L{\'a}szl{\'o} and Albert, R{\'e}ka},
  journal={Science},
  volume={286},
  number={5439},
  pages={509--512},
  year={1999},
  publisher={American Association for the Advancement of Science}
}

@article{Mahmoud1,
  title={A survey of recursive trees},
  author={Smythe, Robert T. and Mahmoud, Hosam M.},
  journal={Theory of Probability and Mathematical Statistics},
  volume={51},
  pages={1--28},
  year={1995},
  publisher={Providence, American Mathematical Society, 1974-}
}

@article{mahmoud2,
  title={Distances in random plane-oriented recursive trees},
  author={Mahmoud, Hosam M},
  journal={Journal of Computational and Applied Mathematics},
  volume={41},
  number={1},
  pages={237--245},
  year={1992},
  publisher={Elsevier}
}

@article{yule,
  title={A mathematical theory of evolution, based on the conclusions of Dr. JC Willis, FRS},
  author={Yule, G. Udny},
  journal={Philosophical Transactions of the Royal Society of London. Series B, Containing Papers of a Biological Character},
  volume={213},
  number={402-410},
  pages={21--87},
  year={1925},
  publisher={The Royal Society}
}

@article{kendall,
  title={On the generalized" birth-and-death" process},
  author={Kendall, David G.},
  journal={The Annals of Mathematical Statistics},
  pages={1--15},
  year={1948},
  publisher={JSTOR}
}

@book{gardiner,
  title={Handbook of Stochastic Methods},
  author={Gardiner, Crispin W. and others},
  volume={3},
  year={1985},
  publisher={Springer Berlin}
}

@article{quine,
  title={The Multi-type Galton-Watson Process with Immigration},
  author={Quine, MP},
  journal={Journal of Applied Probability},
  pages={411--422},
  year={1970},
  publisher={JSTOR}
}

@article{mcIllwain,
  title={Organized crime: a social network approach},
  author={McIllwain, Jeffrey Scott},
  journal={Crime, Law and Social Change},
  volume={32},
  number={4},
  pages={301--323},
  year={1999},
  publisher={Springer}
}

@misc{ nx,
  author       = "LANL",
  title        = "NetworkX",
  howpublished = "BSD Open Software Liscence, \url{http://networkx.github.io/}",
}

@misc{ git,
  author      	= "Charlie Marshak",
  title           	= "PruneUp",
  howpublished = "Git repository, \url{https://github.com/cmarshak/PruneUp}",
}

@article{browning,
  title={The Paradox of Social Organization: networks, Collective Efficacy, and Violent Crime in Urban Neighborhoods},
  author={Browning, Christopher R. and Dietz, Robert D. and Feinberg, Seth L.},
  journal={Social Forces},
  volume={83},
  number={2},
  pages={503--534},
  year={2004},
  publisher={Oxford University Press}
}

@article{tita,
  title={Human group formation in online guilds and offline gangs driven by a common team dynamic},
  author={Johnson, Neil F. and Xu, Chen and Zhao, Zhenyuan and Ducheneaut, Nicolas and Yee, Nicholas and Tita, George and Hui, Pak Ming},
  journal={Physical Review E},
  volume={79},
  number={6},
  pages={066117},
  year={2009},
  publisher={APS}
}

@book{alon,
  title={The Probabilistic Method},
  author={Alon, Noga and Spencer, Joel H},
  year={2004},
  publisher={John Wiley \& Sons}
}

@article{crime1,
  title={From Pablo to Osama: Counter-terrorism lessons from the war on drugs},
  author={Kenney, Michael},
  journal={Survival},
  volume={45},
  number={3},
  pages={187--206},
  year={2003},
  publisher={Taylor \& Francis}
}

@article{crime2,
  title={Responding to Gangs\: Evaluation and Research},
  author={Reed, Winifred L and Decker, Scott H},
  year={2002},
  publisher={ERIC}
}

@article{recruitment1,
  title={Street gang recruitment: Signaling, screening, and selection},
  author={Densley, James A},
  journal={Social Problems},
  volume={59},
  number={3},
  pages={301--321},
  year={2012},
  publisher={JSTOR}
}

@UNPUBLISHED {recruitment2,
    author = "Valeria Pizzini-Gambetta, Heather Hamill",
    title  = "Shady Advertising: recruitment among rebels and mobsters",
    note   = "ECPR General Conference",
    month  = "aug",
    year   = "2011"
}